%% This BibTeX bibliography file was created using BibDesk.
%% http://bibdesk.sourceforge.net/


%% Created for Neil Taylor at 2014-04-07 22:34:31 +0100 


%% Saved with string encoding Unicode (UTF-8) 


@string{aij = {Artificial Intelligence}}

%% Chapter 1 - Background

@url{pepper_ghost_comsol,
	Annote = {Comsol blog that describes the Pepper’s Ghost Pyramid implementation used for this project.The blog details in brief how the technique works and explains this with ray tracing. Furthermore, the blog mentions the history of the technique.},
	Author = {Brianne Costa},
	Date-Modified = {2016-01-11},
	Howpublished = {\url{https://www.comsol.nl/blogs/explaining-the-peppers-ghost-illusion-with-ray-optics/}},
	Lastchecked = {19 April 2017},
	Title = {{Explaining the Pepper’s Ghost Illusion with Ray Optics}},
	Year = 2016}

@url{alex_ferguson,
	Annote = {News bulletin announcing new hologram of Sir Alex Furgeson in Machester United Museum.},
	Author = {{Manchester United Ltd.}},
	Date-Modified = {2007-12-19},
	Howpublished = {\url{http://www.manutd.com/en/News-And-Features/Club-News/2007/Dec/Meet-Sir-Alex--the-hologram.aspx}},
	Lastchecked = {19 April 2017},
	Title = {{Meet Sir Alex - the hologram}},
	Year = 2007}

@url{shane_warne,
	Annote = {Exhibition details of a hologram of Shane Warne discussing his career in Cricket.},
	Author = {{The National Museum, Melbourne}},
	Howpublished = {\url{http://www.nsm.org.au/Exhibitions/Shane%20Warne%20Hologram.aspx}},
	Lastchecked = {19 April 2017},
	Title = {{Shane Warne - 'Cricket Found Me'}}}
    
@url{french_elections
	Annote = {Exhibition details of a hologram of Shane Warne discussing his career in Cricket.},
	Author = {Michael Nunez},
    Date-Modified = {2017-04-17},
	Howpublished = {\url{http://gizmodo.com/french-presidential-candidate-jean-luc-melenchons-holog-1794450283}},
	Lastchecked = {23 April 2017},
	Title = {{French Presidential Candidate Jean-Luc Melenchon's 'Hologram' Is Not Actually a Hologram}},
    Year = 2017}
    
@misc{single_person_fdd,
	Annote = {Details the authors adapted FDD methodology used when creating a project management application for FDD for a thesis at Harvard university. Not only does the author discuss the methodology he followed, (Chapter 2) raise good points for consideration this projects methodology.},
	Author = {S. Khramthchenko},
	Howpublished = {\url{http://fddpma.sourceforge.net/help/fddpma_thesis.pdf}},
	Month = June,
	Note = {Accessed August 2011},
	Title = {A Project Management Application for Feature Driven Development (FDDPMA)},
	Year = {2005}}

%% Chapter 4 - Testing

@url{jenkins_wiki_install,
	Annote = {The official installion guide for installing Jenkins as a service on a Windows machine. The guide is hosted and written by the developers of the jenkins continuous integration platform.},
	Author = {Erik Ramfelt, {et al.}},
	Date-Modified = {2013-10-03},
	Howpublished = {\url{https://wiki.jenkins-ci.org/display/JENKINS/Installing+Jenkins+as+a+Windows+service}},
	Lastchecked = {21 April 2017},
	Title = {{Installing Jenkins as a Windows service}},
	Year = 2013}

@url{steves_blog,
	Annote = {A technical blog produced by a software development consultant who specialises in Python. This particular blog includes details of setting up static analysis tests for Python and Jenkins. The blog is written for Linux (Debian) but has been adapted to aide in the set up of a Jenkins service for Windows.},
	Author = {Steve},
	Date-Modified = {2012-04-27},
	Howpublished = {\url{http://bhfsteve.blogspot.co.uk/2012/04/automated-python-unit-testing-code_27.html}},
	Lastchecked = {21 April 2017},
	Title = {{Automated python unit testing, code coverage and code quality analysis with Jenkins}},
	Year = 2012}
    
@url{pep8,
	Annote = {The contents page for the PEP 8 style guide for python. This is used by the Pylint linting tool to ensure code conforms to standards.},
	Author = {{Python Software Foundation}},
	Date-Modified = {2013-08-01},
	Howpublished = {\url{https://www.python.org/dev/peps/pep-0008/}},
	Lastchecked = {21 April 2017},
	Title = {{PEP 8 -- Style Guide for Python Code}},
	Year = 2012}

@url{nosetest,
	Annote = {A Python unit test exension that provides additional functionality and reporting to Python unit tests.},
	Author = {Jason Pellerin},
	Date-Modified = {2015-06-02},
	Howpublished = {\url{http://nose.readthedocs.io/en/latest/}},
	Lastchecked = {21 April 2017},
	Title = {{Nosetest}},
	Year = 2015}
    
@url{python_unittest,
	Annote = {The documentation for the standard python unit test framework. this was used at various stages of the project to help in the creation of unit tests for python code.},
	Author = {{Python Software Foundation}},
	Date-Modified = {2017-03-027},
	Howpublished = {\url{https://docs.python.org/2/library/unittest.html}},
	Lastchecked = {22 April 2017},
	Title = {{Python: unittest - Unit testing framework}},
	Year = 2017}
    
@url{selenium_guide,
	Annote = {The online documentation provided by the developers of Selenium. Section 2.3, 2.4 comment on the use of webdriver.Firefox() (starting a new instance of the Firefox web browser in the setUp function that runs before each test.)},
	Author = {Baiju Muthukadan},
	Date-Modified = {2016-12-19},
	Howpublished = {\url{http://selenium-python.readthedocs.io/getting-started.html#using-selenium-to-write-tests}},
	Lastchecked = {23 April 2017},
	Title = {{Selenium with Python: Using Selenium to write tests}},
	Year = 2016}

@url{django_live_server_test,
	Annote = {The django official documentation page that discusses the LiveServerTestCase implementation. This test case is used to to start an instnce of the live server for django to run on before starting tests.},
	Author = {{Danjo Development Team}},
	Howpublished = {\url{https://docs.djangoproject.com/en/1.8/topics/testing/tools/#liveservertestcase}},
	Lastchecked = {23 April 2017},
	Title = {{Selenium with Python: Using Selenium to write tests}}}
