@MISC{FDDandAgile,
author = {S. W. Ambler},
title  = {"Feature Driven Development (FDD) and Agile Modeling"},
year   = {2014},
url    = {http://agilemodeling.com/essays/fdd.htm},
note   = {Accessed Feburary 2017},
}

@MISC{jenkins,
author = {Jenkins},
title  = {Jenkins - Build great things at any scale},
year   = {2017},
url    = {https://jenkins.io/},
note   = {Accessed Feburary 2017}, 
}

@MISC{pylint,
author = {LogiLab},
title  = {Pylint - Star your python code},
year   = {2017},
url    = {https://www.pylint.org/},
note   = {Accessed Feburary 2017}, 
}
